@misc{dataaug,
author = {Wikipedia},
title = {Data augmentation},
year = {2023},
howpublished = {\url{https://en.wikipedia.org/wiki/Data_augmentation}},
}
@misc{mlp,
author = {Wikipedia},
title = {Multilayer perceptron},
year = {2023},
howpublished = {\url{https://en.wikipedia.org/wiki/Multilayer_perceptron}},
}

@misc{columbia,
author = {Columbia University},
title = {Agent-Based Modeling},
year = {2023},
howpublished = {\url{https://www.publichealth.columbia.edu/research/population-health-methods/agent-based-modeling#:~:text=Agent%2Dbased%20models%20are%20computer,epidemiology)%20are%20assigned%20certain%20attributes.}},
}



